@book{Buch_von_Autor,
  author = {Autor},
  title = {Titel},
  publisher = {Stadt: Publisher},
  year = {2004},
  ISBN = {3-123-4567-X},
  addendum={Nachtrag, der noch erwähnt werden sollte}
}

@book{Papula.2015,
  Author = {Lothar Papula},
  Title = {Mathematik für Ingenieure und Naturwissenschaftler Band 2},
  subtitle={Ein Lehr- und Arbeitsbuch für das Grundstudium},
  Publisher = {Springer Vieweg},
  Year = {2015},
  ISBN = {3658077891},
  addendum = {Hier in der englischen Sprachausgabe verwendet}
}


@book{NeuesBuch,
	Author = {Johanna Schütze},
	Title = {Mathematik für Philosophen für das Grundstudium},
	Publisher = {Springer},
	Year = {2018},
	ISBN = {3658077891},
	addendum = {Das gibt es bestimmt!}
}
%-------------------------------------------------------------------------------------------------
@unpublished{1,
	Author = {Reiner Anderl},
	Title = {Industrie 4.0 - Wie sich die Industrie digitalisiert},
	Year = {2015},
	Publisher = {Anderl},
	URL = {https://www.youtube.com/watch?v=Gnq3BqXkVp0},
	addendum = {Abgerufen am 07.01.2020}
}
@MISC{2,
	Author = "{Verband Deutscher Maschinen- und Anlagebau - VDMA}",
	Title = {Leitfaden Industrie 4.0 - Orientierungshilfe zur Einführung in den Mittelstand},
	Year = {2015},
	Publisher = {Verband Deutscher Maschinen- und Anlagebau - VDMA},
	URL = {https://industrie40.vdma.org/documents/4214230/5356229/VDMA_Leitfaden_I40_neu.pdf/762e5ad4-978a-4e4a-bece-47fac3df4a86},
	ISBN = {978-3-8163-0677-1},
	addendum = {Abgerufen am 07.01.2020}
}
@MISC{3,
	Author = "{Plattform Industrie 4.0}",
	Title = {Leitbild 2030 für Industrie 4.0 - Digitale Ökoströme global gestalten},
	Year = {2019},
	Publisher = {Plattform Industrie 4.0},
	URL = {https://www.plattform-i40.de/PI40/Redaktion/DE/Downloads/Publikation/Leitbild-2030-f%C3%BCr-Industrie-4.0.pdf?__blob=publicationFile&v=10},
	addendum = {Abgerufen am 07.01.2020}
}
@MISC{4,
	Author = "{Tarakos}",
	Title = {Virtuelle Realität und Industrie 4.0},
	Year = {o.J.},
	Publisher = {Tarakos},
	URL = {http://www.tarakos.de/images/pdf/White-Paper-Virtual-Reality-Industrie.pdf},
	addendum = {Abgerufen am 07.01.2020}
}
@unpublished{5,
	author = {author},
	title = {title},
	date = {date},
	OPTsubtitle = {subtitle},
	OPTtitleaddon = {titleaddon},
	OPTlanguage = {language},
	OPThowpublished = {howpublished},
	OPTnote = {note},
	OPTlocation = {location},
	OPTisbn = {isbn},
	OPTdate = {date},
	OPTmonth = {month},
	OPTyear = {year},
	OPTaddendum = {addendum},
	OPTpubstate = {pubstate},
	OPTurl = {url},
	OPTurldate = {urldate},
}

%-------------------------------------------------------------------------------------------------
